<?xml version="1.0" encoding="UTF-8"?><record xmlns="http://www.loc.gov/MARC21/slim" xmlns:cinclude="http://apache.org/cocoon/include/1.0" xmlns:zs="http://www.loc.gov/zing/srw/">
  <leader>00596nz  a2200145n  4500</leader>
  <controlfield tag="001">nb2005008386</controlfield>
  <controlfield tag="003">DLC</controlfield>
  <controlfield tag="005">20050628051331.0</controlfield>
  <controlfield tag="008">050627n| acannaabn          |n ana      </controlfield>
  <datafield tag="010" ind1=" " ind2=" ">
    <subfield code="a">nb2005008386</subfield>
  </datafield>
  <datafield tag="035" ind1=" " ind2=" ">
    <subfield code="a">(Uk)006217827</subfield>
  </datafield>
  <datafield tag="040" ind1=" " ind2=" ">
    <subfield code="a">Uk</subfield>
    <subfield code="b">eng</subfield>
    <subfield code="c">Uk</subfield>
  </datafield>
  <datafield tag="110" ind1="2" ind2=" ">
    <subfield code="a">Hensoldt (Firm)</subfield>
  </datafield>
  <datafield tag="670" ind1=" " ind2=" ">
    <subfield code="a">Hensoldt : Geschichte eines optischen Werkes in Wetzlar, 2001-:</subfield>
    <subfield code="b">v. 1, p. 11 (Hensoldt AG)</subfield>
  </datafield>
  <datafield tag="670" ind1=" " ind2=" ">
    <subfield code="a">Hensoldt website, 27 June 2005:</subfield>
    <subfield code="b">about (Hensoldt AG, Carl Zeiss Group; founded in 1852; in 1922 M. Hensoldt &amp; SoĚhne was listed as a stock corporation and renamed M. Hensoldt &amp; SoĚhne Optische Werke AG)</subfield>
  </datafield>
</record>